@book{xu2012lecture,
	keywords={all},
  title={Lecture Notes On Mathematical Olympiad Courses: For Senior Section-Volume 2},
  author={Xu, Jiagu},
  volume={8},
  year={2012},
  publisher={World Scientific Publishing Company}
}

